<?xml version="1.0" encoding="UTF-8"?><collection xmlns="http://www.loc.gov/MARC21/slim"><record><leader>00553nam--2200181-i-4500</leader><controlfield tag="001">000034854</controlfield><controlfield tag="002">20161230</controlfield><controlfield tag="005">20161230201040</controlfield><controlfield tag="008">060222s1000------------r-----000-0-eng-d</controlfield><datafield ind1=" " ind2=" " tag="040"><subfield code="a">IFIN-HH</subfield></datafield><datafield ind1=" " ind2=" " tag="080"><subfield code="a">539.143.4:539.172.17:539.171.6</subfield></datafield><datafield ind1="1" ind2=" " tag="100"><subfield code="a">Nadjakov, Emil</subfield></datafield><datafield ind1="1" ind2="0" tag="245"><subfield code="a">Nuclear structure at high spin</subfield><subfield code="c">Emil nadjakov</subfield></datafield><datafield ind1=" " ind2=" " tag="260"><subfield code="a">Sofia</subfield><subfield code="b">Bulgarian Academy Of Sciences</subfield><subfield code="c">1982</subfield></datafield><datafield ind1=" " ind2=" " tag="300"><subfield code="a">145P</subfield></datafield><datafield ind1=" " ind2=" " tag="500"><subfield code="a">Titlul Original In Limba Rusa: Struktura Iadra Ppri Visokom Uglovom Momente</subfield></datafield><datafield ind1=" " ind2=" " tag="852"><subfield code="a">70857</subfield><subfield code="c">539.14</subfield></datafield><datafield ind1=" " ind2=" " tag="CAT"><subfield code="a">Sys</subfield><subfield code="c">20120404</subfield><subfield code="h">134543</subfield></datafield></record></collection>